<record><leader>00000cas a22000007a 4500</leader><controlfield tag="001">13000307</controlfield><controlfield tag="008">860110d19231924utuwr ne      0    0eng d</controlfield><datafield ind1=" " ind2=" " tag="010"><subfield code="a">sn 86091000 </subfield></datafield><datafield ind1=" " ind2=" " tag="040"><subfield code="a">UNP</subfield><subfield code="b">eng</subfield><subfield code="c">UNP</subfield><subfield code="d">OCLCQ</subfield></datafield><datafield ind1=" " ind2=" " tag="042"><subfield code="a">msc</subfield></datafield><datafield ind1=" " ind2="4" tag="050"><subfield code="a">AN2.U8</subfield><subfield code="b">S64</subfield></datafield><datafield ind1="0" ind2="4" tag="245"><subfield code="a">The Springville herald-beacon.</subfield></datafield><datafield ind1=" " ind2=" " tag="260"><subfield code="a">Springville, Utah :</subfield><subfield code="b">[E.C. Rodgers &amp; T.C. Miner],</subfield><subfield code="c">-1924.</subfield></datafield><datafield ind1=" " ind2=" " tag="300"><subfield code="a">v. :</subfield><subfield code="b">ill.</subfield></datafield><datafield ind1=" " ind2=" " tag="310"><subfield code="a">Weekly</subfield></datafield><datafield ind1="1" ind2=" " tag="362"><subfield code="a">Began in 1923.</subfield><subfield code="z">Cf. Alter, J.C. Early Utah journalism.</subfield></datafield><datafield ind1="0" ind2=" " tag="362"><subfield code="a">-v. 35, no. 34 (Feb. 22, 1924).</subfield></datafield><datafield ind1=" " ind2=" " tag="500"><subfield code="a">Publishers' names recorded in: Ayers, 1924.</subfield></datafield><datafield ind1=" " ind2=" " tag="580"><subfield code="a">Continues: Beacon (Springville, Utah) (non-extant?).</subfield></datafield><datafield ind1=" " ind2=" " tag="588"><subfield code="a">Description based on: Vol. 35, no. 27 (Jan. 4, 1924).</subfield></datafield><datafield ind1=" " ind2=" " tag="752"><subfield code="a">United States</subfield><subfield code="b">Utah</subfield><subfield code="c">Utah</subfield><subfield code="d">Springville.</subfield></datafield><datafield ind1="1" ind2="0" tag="780"><subfield code="t">Beacon (Springville, Utah)</subfield></datafield><datafield ind1="0" ind2="0" tag="785"><subfield code="t">Springville herald (Springville, Utah)</subfield><subfield code="w">(DLC)sn 86091001</subfield><subfield code="w">(OCoLC)13000326</subfield></datafield><datafield ind1="1" ind2=" " tag="029"><subfield code="a">AU@</subfield><subfield code="b">000023451083</subfield></datafield></record>